<?xml version="1.0" encoding="utf-8"?>
<record xmlns="http://www.loc.gov/MARC21/slim" xmlns:xsi="http://www.w3.org/2001/XMLSchema-instance" xsi:schemaLocation="http://www.loc.gov/MARC21/slim http://www.loc.gov/standards/marcxml/schema/MARC21slim.xsd">
	<leader>     nam a22     Mi 4500</leader>
	<controlfield tag="001">3131428</controlfield>
	<controlfield tag="003">NNC</controlfield>
	<controlfield tag="006">m        d        </controlfield>
	<controlfield tag="007">cr cn |||m|||a</controlfield>
	<controlfield tag="008">180920s1890    ua      o     000 0 arard</controlfield>
	<datafield ind1=" " ind2=" " tag="040">
		<subfield code="a">ZYU</subfield>
		<subfield code="b">ara</subfield>
		<subfield code="e">rda</subfield>
		<subfield code="c">ZYU</subfield>
	</datafield>
	<datafield ind1=" " ind2="4" tag="050">
		<subfield code="a">BP130.4</subfield>
		<subfield code="b">.Z3 1890</subfield>
	</datafield>
	<datafield ind1="1" ind2=" " tag="100">
		<subfield code="6">880-01</subfield>
		<subfield code="a">Zamakhsharī, Maḥmūd ibn ʻUmar,</subfield>
		<subfield code="d">1075-1144.</subfield>
	</datafield>
	<datafield ind1="1" ind2="3" tag="245">
		<subfield code="6">880-02</subfield>
		<subfield code="a">al-Kashshāf ʻan ḥaqāʼiq al-tanzīl wa-ʻuyūn al-aqāwil fī wujūh al-taʼwīl /</subfield>
		<subfield code="c">li-Abī al-Qāsim Jār Allāh Maḥmūd ibn ʻUmar al-Zamakhsharī al-Khawārizmī ; wa-maʻahu Ḥāshiyat ʻAlī ibn Muḥammad ibn ʻAlī al-Sayyid Zayn al-Dīn Abī al-Ḥasan al-Ḥusaynī al-Jurjānī ; wa-bi-al-hāmish al-Intiṣāf li-Nāṣir al-Dīn Aḥmad ibn Muḥammad ibn al-Munīr al-Iskandarī al-Mālikī ; wa-bi-al-hāmish al-Qurʼān wa-qad dhayl bi-kitāb Tanzīl al-āyāt ʻalá al-shawāhid min al-abyāt li-Muḥibb al-Dīn.</subfield>
	</datafield>
	<datafield ind1=" " ind2=" " tag="260">
		<subfield code="6">880-03</subfield>
		<subfield code="a">[Egypt] :</subfield>
		<subfield code="b">al-Maṭbaʻah al-ʻĀmirah,</subfield>
		<subfield code="c">1308 [1890]</subfield>
	</datafield>
	<datafield ind1=" " ind2=" " tag="300">
		<subfield code="a">online resource (2 volumes)</subfield>
	</datafield>
	<datafield ind1=" " ind2=" " tag="336">
		<subfield code="a">text</subfield>
		<subfield code="2">rdacontent</subfield>
	</datafield>
	<datafield ind1=" " ind2=" " tag="337">
		<subfield code="a">computer</subfield>
		<subfield code="2">rdamedia</subfield>
	</datafield>
	<datafield ind1=" " ind2=" " tag="338">
		<subfield code="a">online resource</subfield>
		<subfield code="2">rdacarrier</subfield>
	</datafield>
	<datafield ind1=" " ind2=" " tag="500">
		<subfield code="a">Part of the Arabic Collections Online (ACO) project, contributed by Columbia University Libraries.</subfield>
	</datafield>
	<datafield ind1=" " ind2=" " tag="533">
		<subfield code="a">Electronic reproduction.</subfield>
		<subfield code="b">New York, N.Y. :</subfield>
		<subfield code="c">New York University,</subfield>
		<subfield code="d">2018.</subfield>
		<subfield code="5">NNU</subfield>
	</datafield>
	<datafield ind1="0" ind2="0" tag="630">
		<subfield code="a">Qurʼan</subfield>
		<subfield code="v">Commentaries.</subfield>
	</datafield>
	<datafield ind1="0" ind2="7" tag="630">
		<subfield code="a">Qurʼan.</subfield>
		<subfield code="2">fast</subfield>
		<subfield code="0">(OCoLC)fst01842877</subfield>
	</datafield>
	<datafield ind1=" " ind2="7" tag="655">
		<subfield code="a">Commentaries.</subfield>
		<subfield code="2">fast</subfield>
		<subfield code="0">(OCoLC)fst01423723</subfield>
	</datafield>
	<datafield ind1="1" ind2=" " tag="700">
		<subfield code="6">880-04</subfield>
		<subfield code="a">Jurjānī, ʻAlī ibn Muḥammad,</subfield>
		<subfield code="c">al-Sayyid al-Sharīf,</subfield>
		<subfield code="d">1340-1413.</subfield>
	</datafield>
	<datafield ind1="1" ind2="2" tag="700">
		<subfield code="6">880-05</subfield>
		<subfield code="a">Ibn al-Munayyir, Aḥmad ibn Muḥammad,</subfield>
		<subfield code="d">1223-1284.</subfield>
		<subfield code="t">Intiṣāf.</subfield>
	</datafield>
	<datafield ind1="1" ind2="2" tag="700">
		<subfield code="6">880-06</subfield>
		<subfield code="a">Muḥibb al-Dīn, Muḥammad ibn Abī Bakr,</subfield>
		<subfield code="d">1542 or 1543-1607 or 1608.</subfield>
		<subfield code="t">Tanzīl al-āyāt ʻalá al-shawāhid min al-abyāt.</subfield>
	</datafield>
	<datafield ind1="2" ind2=" " tag="710">
		<subfield code="a">Columbia University.</subfield>
		<subfield code="b">Libraries.</subfield>
	</datafield>
	<datafield ind1="0" ind2=" " tag="730">
		<subfield code="a">Arabic Collections Online.</subfield>
	</datafield>
	<datafield ind1="0" ind2="8" tag="776">
		<subfield code="i">Online version:</subfield>
		<subfield code="a">Zamakhsharī, Maḥmūd ibn ʻUmar, 1075-1144.</subfield>
		<subfield code="t">Kashshāf ʻan ḥaqāʼiq al-tanzīl wa-ʻuyūn al-aqāwil fī wujūh al-taʼwīl.</subfield>
		<subfield code="d">[Egypt] : al-Maṭbaʻah al-ʻĀmirah, 1308 [1890]</subfield>
		<subfield code="w">(OCoLC)797898134</subfield>
	</datafield>
	<datafield ind1="0" ind2="8" tag="776">
		<subfield code="i">Print version:</subfield>
		<subfield code="a">Zamakhsharī, Maḥmūd ibn ʻUmar, 1075-1144.</subfield>
		<subfield code="t">al-Kashshāf ʻan ḥaqāʼiq al-tanzīl wa-ʻuyūn al-aqāwil fī wujūh al-taʼwīl</subfield>
		<subfield code="w">(NNC)3131428</subfield>
		<subfield code="w">(OCoLC)43622051</subfield>
	</datafield>
	<datafield ind1="4" ind2="0" tag="856">
		<subfield code="u">http://hdl.handle.net/2333.1/zpc86f70</subfield>
	</datafield>
	<datafield ind1="1" ind2=" " tag="880">
		<subfield code="6">100-01</subfield>
		<subfield code="a">زمخشري، محمود بن عمر،,</subfield>
		<subfield code="d">1075-1144.</subfield>
	</datafield>
	<datafield ind1="1" ind2="2" tag="880">
		<subfield code="6">245-02</subfield>
		<subfield code="a">الكشاف عن حقائق التنزيل وعيون الاقاول في وجوه التأويل /</subfield>
		<subfield code="c">لابي القاسم جار الله محمود بن عمر الزمخشري الخوارزمي ؛ ومعه حاشية علي بن محمد بن علي السيد زين الدين ابي الحسن الحسيني الجرجاني ؛ وبالهامش الانتصاف لناصر الدين احمد بن محمد بن المنير الاسكندري المالي ؛ وبالهامش القرآن وقد ذيل بكتاب تنزيل الايات على الشواهد من الابيات لمحب الدين.</subfield>
	</datafield>
	<datafield ind1=" " ind2=" " tag="880">
		<subfield code="6">260-03</subfield>
		<subfield code="a">[Egypt] :</subfield>
		<subfield code="b">المطبعة العامرة،</subfield>
		<subfield code="c">1308 [1890]</subfield>
	</datafield>
	<datafield ind1=" " ind2="1" tag="880">
		<subfield code="6">264-00</subfield>
		<subfield code="a">[Egypt] :</subfield>
		<subfield code="b">المطبعة العامرة،</subfield>
		<subfield code="c">1308 [1890]</subfield>
	</datafield>
	<datafield ind1="1" ind2=" " tag="880">
		<subfield code="6">700-04</subfield>
		<subfield code="a">جرجاني، علي بن محمد،</subfield>
		<subfield code="c">السيد الشريف،,</subfield>
		<subfield code="d">1340-1413.</subfield>
	</datafield>
	<datafield ind1="1" ind2="2" tag="880">
		<subfield code="6">700-05</subfield>
		<subfield code="a">ابن المنير، احمد بن محمد،,</subfield>
		<subfield code="d">1223-1284.</subfield>
		<subfield code="t">انتصاف.</subfield>
	</datafield>
	<datafield ind1="1" ind2="2" tag="880">
		<subfield code="6">700-06</subfield>
		<subfield code="a">محب الدين، محمد بن ابي بكر،,</subfield>
		<subfield code="d">1542 or 1543-1607 or 1608.</subfield>
		<subfield code="t">تنزيل الايات على الشواهد من الابيات.</subfield>
	</datafield>
	<datafield ind1=" " ind2=" " tag="959">
		<subfield code="a">NNU</subfield>
		<subfield code="b">WEB</subfield>
		<subfield code="c">GENI</subfield>
		<subfield code="t">0</subfield>
		<subfield code="m">Electronic access</subfield>
		<subfield code="s">01</subfield>
	</datafield>
	<datafield ind1=" " ind2=" " tag="999">
		<subfield code="i">NNC_3131428</subfield>
		<subfield code="o">(OCoLC)ocm43622051 </subfield>
		<subfield code="s">columbia_aco003352:v.1</subfield>
		<subfield code="s">columbia_aco003353:v.2</subfield>
		<subfield code="e">(ERROR-880)</subfield>
	</datafield>
</record>
